<record><leader>00985cam a2200277 a 4500</leader><controlfield tag="001">6768945</controlfield><controlfield tag="003">OCoLC</controlfield><controlfield tag="005">20141212141027.0</controlfield><controlfield tag="008">140717s2015    maua     b    001 0 eng d</controlfield><datafield ind1=" " ind2=" " tag="020"><subfield code="a">9781292059983 (pbk.)</subfield></datafield><datafield ind1=" " ind2=" " tag="020"><subfield code="a">1292059982 (pbk.)</subfield></datafield><datafield ind1=" " ind2=" " tag="035"><subfield code="a">ocn883821976</subfield></datafield><datafield ind1=" " ind2=" " tag="040"><subfield code="a">QGK</subfield><subfield code="b">eng</subfield><subfield code="c">QGK</subfield><subfield code="d">QGK</subfield><subfield code="d">AEU</subfield></datafield><datafield ind1=" " ind2="4" tag="050"><subfield code="a">PN4129.15</subfield><subfield code="b">.O83 2015</subfield></datafield><datafield ind1="0" ind2="4" tag="082"><subfield code="a">808.5/1</subfield><subfield code="2">23</subfield></datafield><datafield ind1=" " ind2=" " tag="090"><subfield code="a">PN4129.15 .O83 2015</subfield><subfield code="b">AEGMCT</subfield></datafield><datafield ind1="0" ind2="0" tag="245"><subfield code="a">Public speaking :</subfield><subfield code="b">finding your voice /</subfield><subfield code="c">Michael Osborn ... [et al.].</subfield></datafield><datafield ind1=" " ind2=" " tag="250"><subfield code="a">10th ed., Global ed.</subfield></datafield><datafield ind1=" " ind2=" " tag="260"><subfield code="a">Boston :</subfield><subfield code="b">Pearson Education,</subfield><subfield code="c">c2015.</subfield></datafield><datafield ind1=" " ind2=" " tag="300"><subfield code="a">476 p. :</subfield><subfield code="b">col. ill. ;</subfield><subfield code="c">29 cm.</subfield></datafield><datafield ind1=" " ind2=" " tag="504"><subfield code="a">Includes bibliographical references and index.</subfield></datafield><datafield ind1=" " ind2=" " tag="596"><subfield code="a">29</subfield></datafield><datafield ind1=" " ind2="0" tag="650"><subfield code="a">Public speaking.</subfield></datafield><datafield ind1="1" ind2=" " tag="700"><subfield code="a">Osborn, Michael,</subfield><subfield code="d">1937-</subfield></datafield><datafield ind1=" " ind2=" " tag="949"><subfield code="a">PN4129.15 .O83 2015</subfield><subfield code="h">GMCT-OS-B</subfield><subfield code="i">1007433111</subfield><subfield code="p">106.11</subfield><subfield code="k">AVAIL_SOON</subfield></datafield><datafield ind1=" " ind2=" " tag="926"><subfield code="a">PN4129.15 .O83 2015</subfield><subfield code="w">LC</subfield><subfield code="c">1</subfield><subfield code="i">1007433111</subfield><subfield code="d">10/14/2015</subfield><subfield code="e">9/28/2015</subfield><subfield code="l">ON_SHELF</subfield><subfield code="m">GR_MACEWAN</subfield><subfield code="n">2</subfield><subfield code="p">$106.11</subfield><subfield code="r">Y</subfield><subfield code="s">Y</subfield><subfield code="t">BOOK</subfield><subfield code="u">1/8/2015</subfield></datafield></record>